%---------information we need for a book
%author
%year of publication
%title of book
%edition
%publisher
%place of publication

%---------information we need for a paper/article
%author
%year of publication
%month (optional)
%title
%publisher/journal

@online{Android,
title = {Android},
url = {https://www.android.com/intl/de_de/},
urldate = {2016-02-16}
}

@article{AndroidHistory,
author = {Manjoo, Farhad},
publication = {2015},
title = {A Murky Road Ahead for Android, Despite Market Dominance},
publisher = {The New York Times}
}

@book{AndroidCookbook,
author = {Ian F. Darwin},
publication = {2012},
title = {Android Cookbook},
publisher = {O'Reilly Media},
place = {Sebastopol}
}

@online{AndroidGuidelines,
title = {Android UI Guidelines},
url = {http://developer.android.com/guide/practices/ui_guidelines/index.html},
urldate = {2016-02-16}
}

@online{AndroidSDK,
title = {Android SDK},
url = {http://developer.android.com/guide/practices/ui_guidelines/index.html},
urldate = {2016-02-16}
}

@online{AndroidOP,
title = {Android Operating System},
url = {https://en.wikipedia.org/wiki/Android_(operating_system)},
urldate = {2016-02-16}
}

@online{Nexus5,
title = {Nexus 5},
url = {http://www.lg.com/de/handy/lg-Nexus-5/technical-specifications},
urldate = {2017-01-16}
}

@online{nativeApp1,
title = {native Anwendungen},
url = {http://searchsoftwarequality.techtarget.com/definition/native-application-native-app},
urldate = {2017-01-16}
}

@online{nativeApp2,
title = {native Anwendungen},
url = {http://www.app-entwickler-verzeichnis.de/faq-app-entwicklung/11-definitionen/107-unterschiede-und-vergleich-native-apps-vs-web-apps},
urldate = {2017-01-16}
}

@online{iOS,
title = {iOS},
url = {https://developer.apple.com/},
urldate = {2017-01-16}
}

@online{iOSGUI,
title = {iOS GUI Guidelines},
url = {https://developer.apple.com/ios/human-interface-guidelines/overview/design-principles/},
urldate = {2017-01-16}
}

@online{AndroidWiki,
title = {Android Wiki},
url = {https://www.droidwiki.de/wiki/},
urldate = {2017-01-16}
}

@online{AndroidMag,
title = {Android Magazine},
url = {http://androidmag.de/report/ein-wahres-sensibelchen-handy-sensoren/},
urldate = {2017-01-16}
}

@online{statista,
title = {Statista},
url = {https://de.statista.com/statistik/daten/studie/256790/umfrage/marktanteile-von-android-und-ios-am-smartphone-absatz-in-deutschland/},
urldate = {2017-01-16}
}

@online{KeyWordPlaner,
title = {Google Keyword Planer},
url = {https://adwords.google.com/ko/KeywordPlanner/Home?__c=6792367252&__u=2274549778&authuser=0&__o=cues#search},
urldate = {2017-01-16}
}

@online{GoogleTrends,
title = {Google Trends},
url = {https://www.google.de/trends/?hl=de},
urldate = {2017-01-16}
}

@online{CoronaLabs,
title = {Corona Labs},
url = {https://coronalabs.com},
urldate = {2017-01-27}
}

@online{Cordova,
title = {Apache Cordova},
url = {https://cordova.apache.org/docs/en/latest/guide/overview/index.html},
urldate = {2017-01-27}
}

@online{IonicHomepage,
title = {Ionic Framework},
url = {https://ionicframework.com/},
urldate = {2017-01-27}
}

@online{AngularJS,
title = {AngularJS: Ionic},
url = {https://angularjs.de/artikel/ionic-tutorial-deutsch},
urldate = {2017-01-27}
}

@online{ReactNativeHomepage,
title = {React Native},
url = {http://www.reactnative.com/},
urldate = {2017-01-27}
}

@article{EinerFuerAlles,
author = {Wissel, Liebel, Hans},
publication = {2017},
title = {Frameworks und Tools für Cross-Plattform-Programmierung},
publisher = {iX}
}

@online{AndroidOnlineGuidelines,
title = {Android Guidelines},
url = {https://developer.android.com/design/index.html},
urldate = {2017-01-27}
}

@online{AndroidDesignPrinciples,
title = {Android Design Principles},
url = {https://developer.android.com/design/get-started/principles.html},
urldate = {2017-01-27}
}

@book{Android,
	author = {Louis, D.},
	year = {2016},
	title = {Android},
	Publisher = {Hanser},
	place = {München}
}

@book{AndroidAPI,
	author = {Cinar, O.},
	year = {2015},
	title = {Android Quick APIs Reference},
	Publisher = {Apress},
	place = {Berkeley, CA}
}

@online{StatistikApps,
title = {Statista Anzahl mobiler Anwendungen},
url = {https://de.statista.com/statistik/daten/studie/20150/umfrage/anzahl-der-im-app-store-verfuegbaren-applikationen-fuer-das-apple-iphone/},
urldate = {2017-02-11}
}

@book{SWTBalzert,
	author = {Balzert, H.},
	year = {1996},
	title = {Lehrbuch der Softwaretechnik},
	Publisher = {Springer Verlag},
	place = {Berlin}
}

@online{TypeScript,
title = {TypeScript},
url = {http://www.typescriptlang.org/},
urldate = {2017-04-07}
}

@online{XamarinPricing,
title = {Xamarin Pricing},
url = {https://store.xamarin.com/},
urldate = {2017-04-13}
}

@online{StackOverfolw,
title = {Stack Overflow},
url = {https://stackoverflow.com/},
urldate = {2017-03-13}
}

@online{IonicForum,
title = {Ionic Forum},
url = {https://forum.ionicframework.com/},
urldate = {2017-03-13}
}

@online{XamarinHomepage,
title = {Ionic Framework},
url = {https://www.xamarin.com/},
urldate = {2017-01-27}
}
%%%%%%%%%%%%%%%%%%%%%%%%%%%%%%%%%%%%%%%%%%%%%%%%%%%%%%%%%%%%%%%%%%%%%%%%%%%%%%%%%%


@online{Varianten,
  title = {App-Entwicklung Varianten},
  url = {https://www.upwork.com/hiring/mobile/should-you-build-a-hybrid-mobile-app/},
  urldate = {2016-07-01}
}

@online{CodenameOne,
  title = {CodenameOne},
  url = {https://www.codenameone.com/},
  urldate = {2016-07-01}
}

@online{IntelXDK,
  title = {Intel XDK},
  url = {https://software.intel.com/de-de/intel-xdk},
  urldate = {2016-07-01}
}

@online{OnsenUI,
  title = {Onsen UI},
  url = {https://onsen.io/, http://thejackalofjavascript.com/onsen-ui-and-phonegap-getting-started/},
  urldate = {2016-07-01}
}

@online{KendoUI,
  title = {Kendo UI},
  url = {http://codylindley.github.io/the-kendo-ui-book/},
  urldate = {2016-07-01}
}

@online{MobileAngularUI,
  title = {Mobile Angular UI},
  url = {http://mobileangularui.com/},
  urldate = {2016-07-01}
}

@online{J2ObjC,
  title = {J2ObjC},
  url = {http://j2objc.org/},
  urldate = {2016-07-01}
}

@book{AppDesign,
	author = {Semler, J.},
	year = {2016},
	title = {App-Design},
	Publisher = {Rheinwerk Verlag GmbH},
	place = {Bonn}
}

@book{AndroidDummies,
	author = {Burton, M.},
	year = {2016},
	title = {Android-App-Entwicklung für Dummies},
	Publisher = {Wiley-VCH},
	place = {Weinheim}
}

@book{Swift2,
	author = {Kofler, M.},
	year = {2015},
	title = {Swift 2},
	Publisher = {Rheinwerk Verlag GmbH},
	place = {Bonn}
}

@book{Android5,
	author = {Künneth, T.},
	year = {2015},
	title = {Android 5},
	Publisher = {Rheinwerk Verlag GmbH},
	place = {Bonn}
}

@book{GoogleAppsScript,
	author = {Ferreira, J.},
	year = {2014},
	title = {Google Apps Script},
	Publisher = {O'Reilly},
	place = {Beijing [u.a.]}
}

@book{AppsGesundheitsbereich,
	author = {Funk, C.},
	year = {2013},
	title = {Mobile Softwareanwendungen (Apps) im Gesundheitsbereich},
	Publisher = {ibidem-Verlag},
	place = {Stuttgart}
}

@book{PhoneGap,
	author = {Ross, M.},
	year = {2013},
	title = {PhoneGap},
	Publisher = {dpunkt-Verlag},
	place = {Heidelberg}
}

@book{iOSSwift,
	author = {Bleske, C.},
	year = {2016},
	title = {iOS-Apps programmieren mit Swift},
	Publisher = {dpunkt-Verlag},
	place = {Heidelberg}
}

@book{AppUsability,
	author = {Gralak, M.},
	year = {2015},
	title = {Schnelleinstieg App Usability},
	Publisher = {Franzis},
	place = {Haar bei München}
}

@book{ObjCDesignPatterns,
	author = {Chung, C.},
	year = {2011},
	title = {Pro Objective-C Design Patterns for iOS},
	Publisher = {Apress},
	place = {Berkeley, CA}
}

@book{AngularJS,
	author = {Weiße, Bengt},
	year = {2016},
	title = {AngularJS and ionic framework},
	Publisher = {Hanser},
	place = {München}
}

@book{Ionic,
	author = {Ünlü, S.},
	year = {2016},
	title = {Ionic – Grundlagen},
	Publisher = {video2brain},
	place = {Graz}
}

@book{ReactNative,
	author = {Paul, A.},
	year = {2016},
	title = {React Native for iOS Development},
	Publisher = {Apress},
	place = {Berkeley, CA}
}

@book{CodenameOneDeveloper,
	author = {},
	year = {2016},
	title = {Codename One Developer Guide, Version 3.4},
	Publisher = {},
	place = {}
}

@book{Xamarin,
	author = {Hermes, D.},
	year = {2016},
	title = {Xamarin Mobile Application Development},
	Publisher = {Apress},
	place = {Berkeley, CA}
}

@book{KendoUIWeb,
	author = {Adams, J.},
	year = {2013},
	title = {Learning Kendo UI Web Development},
	Publisher = {},
	place = {}
}

@book{SenchaTouch,
	author = {Boonstra, L.},
	year = {2014},
	title = {Hands-on Sencha Touch 2},
	Publisher = {},
	place = {}
}

@book{SenchaTouchInAction,
	author = {Garcia J. et al},
	year = {2013},
	title = {Sencha Touch in Action},
	Publisher = {},
	place = {}
}

@article{EvaluationCrossPlatform,
author = {Ahti V. et al},
publication = {2016},
title = {An Evaluation Framework for Cross-Platform Mobile App Development Tools: A case analysis of Adobe PhoneGap framework},
publisher = {}
}

@article{MultiPlatformStrategies,
author = {Gokhale P.},
publication = {2014},
title = {Multi- platform strategies, approaches and challenges for developing mobile applications},
publisher = {}
}

@article{ComparativeAnalysis,
author = {Kyoung Yang Y.},
publication = {2016},
title = {The Study of Comparative Analysis and Usability Evaluations between Hybrid WebApp and Native App for Korean Traditional Hanji Craft Smart Contents},
publisher = {}
}

@article{AnalysisHybridApps,
author = {A.D. Brucker},
publication = {2016},
title = {On the Static Analysis of Hybrid Mobile Apps: A Report on the State of Apache Cordova Nation},
publisher = {}
}

@article{UIFrameworkCrossPlatform,
author = {Hyo-jung Sohn},
publication = {2015},
title = {Quality Evaluation Criteria Based on Open Source Mobile HTML5 UI Framework for Development of Cross-Platform},
publisher = {}
}

@article{HybridNativeComparison,
author = {Seung-Ho Lim},
publication = {2015},
title = {Experimental Comparison of Hybrid and Native Applications for Mobile Systems},
publisher = {}
}

@article{EvaluationFramework,
author = {Hazwani Rahmat},
publication = {2015},
title = {An Approach Towards Development of Evaluation Framework for Usability of Smartphone Applications},
publisher = {}
}

@article{NativeCrossGUIClient,
author = {Korhonen I.},
publication = {2015},
title = {Development of a Native Cross-Platform iRODS GUI Client},
publisher = {}
}

@article{Referenzimplementierung,
author = {Lombardo D.},
publication = {2014},
title = {Entwicklung einer Referenzimplementierung für plattformunabhängige Hybrid-Apps im Enterprise-Umfeld},
publisher = {}
}

@article{OneSourceMultiUse,
author = {YoungHyun Chang},
publication = {2014},
title = {A study on the development of one source multi use cross-platform based on zero coding},
publisher = {}
}

@article{CrossPlatformApp,
author = {Paulo Roberto Martins de Andrade},
publication = {2015},
title = {Cross Platform App: A Comparative Study},
publisher = {}
}


%%%%%%%%%%%%%%%%%%%%%%%%%%%%%%%%%%%%%% above comment, old entries